% LARS file in bibtex format
% converted by lars bibtex on Mon May 31 2021 17:08


@article{lam-eds,
author	  = "K{\"o}nig, G. and Glaser, N. and Schroeder, B. and Kubincov{\'a}, A. and H{\"u}nenberger, P. H. and Riniker, S.",
title	  = {{An alternative to conventional $\lambda$-intermediate states in alchemical free energy calculations: $\lambda$-Enveloping distribution sampling.}},
journal	  = "J. Chem. Inf. Model.",
volume	  = "60",
year	  = "2020",
pages	  = "5407-5423"
}

