% LARS file in bibtex format
% converted by lars bibtex on Mon May 31 2021 17:08


@article{Chapter2,
author	  = "Kubincov{\'a}, A. and Riniker, S. and H{\"u}nenberger, P. H.",
title	  = {{Solvent-scaling as an alternative to coarse-graining in adaptive-resolution simulations: The adaptive solvent-scaling (AdSoS) scheme.}},
journal	  = "Submitted to J. Chem. Phys.",
volume	  = "",
year	  = "2021"
}


@article{Chapter4,
author	  = "Kubincov{\'a}, A. and Riniker, S. and H{\"u}nenberger, P. H.",
title	  = {{Reaction-field electrostatics in molecular dynamics simulations: Development of a conservative scheme compatible with an atomic cutoff.}},
journal	  = "Phys. Chem. Chem. Phys.",
volume	  = "22",
year	  = "2020",
pages	  = "26419-26437"
}


@article{Chapter6,
author	  = "Kubincov{\'a}, A. and H{\"u}nenberger, P. H. and Krishnan, M.",
title	  = {{Interfacial solvation can explain attraction between like-charged objects in aqueous solution.}},
journal	  = "J. Chem. Phys.",
volume	  = "152",
year	  = "2020",
pages	  = "104713"
}
